<record xmlns="http://www.loc.gov/MARC21/slim" xmlns:xsi="http://www.w3.org/2001/XMLSchema-instance" xsi:schemaLocation="http://www.loc.gov/MARC21/slim http://www.loc.gov/standards/marcxml/schema/MARC21slim.xsd"><leader>01751nam a2200337   4500</leader><controlfield tag="001">001699454</controlfield><controlfield tag="003">NNU</controlfield><controlfield tag="006">m        d        </controlfield><controlfield tag="007">cr cn |||m|||a</controlfield><controlfield tag="008">150116m18811883ua      o     000 0 arar</controlfield><datafield ind1=" " ind2=" " tag="040"><subfield code="a">NNU</subfield><subfield code="b">eng</subfield><subfield code="c">NNU</subfield></datafield><datafield ind1="0" ind2=" " tag="050"><subfield code="a">PJ7760.G47</subfield><subfield code="b">M3 1881</subfield></datafield><datafield ind1=" " ind2=" " tag="066"><subfield code="c">(3</subfield></datafield><datafield ind1=" " ind2=" " tag="090"><subfield code="a">PJ7760.G47</subfield><subfield code="b">M3 1881</subfield></datafield><datafield ind1="1" ind2=" " tag="100"><subfield code="6">880-01</subfield><subfield code="a">Ghaz&#363;l&#299;, &#699;Al&#299; ibn &#699;Abd All&#257;h,</subfield><subfield code="d">d. 1412</subfield></datafield><datafield ind1="1" ind2="0" tag="245"><subfield code="6">880-02</subfield><subfield code="a">Ma&#7789;&#257;li&#699; al-bud&#363;r f&#299; man&#257;zil al-sur&#363;r</subfield><subfield code="h">[electronic resource] /</subfield><subfield code="c">ta&#700;l&#299;f &#699;Al&#257;&#700; al-D&#299;n &#699;Al&#299; ibn &#699;Abd All&#257;h al-Bah&#257;&#700;&#299; al-Ghar&#363;l&#299; [sic].</subfield></datafield><datafield ind1=" " ind2=" " tag="250"><subfield code="6">880-03</subfield><subfield code="a">al-&#7788;ab&#699;ah 1.</subfield></datafield><datafield ind1=" " ind2=" " tag="260"><subfield code="6">880-04</subfield><subfield code="a">[Mi&#7779;r] :</subfield><subfield code="b">Ma&#7789;ba&#699;at Id&#257;rat al-Wa&#7789;an,</subfield><subfield code="c">1299-1300 [1881 or 1882-1883]</subfield></datafield><datafield ind1=" " ind2=" " tag="300"><subfield code="a">online resource (2 v.)</subfield></datafield><datafield ind1=" " ind2=" " tag="500"><subfield code="a">Part of the Arabic Collections Online (ACO) project, contributed by New York Univeristy Libraries.</subfield></datafield><datafield ind1=" " ind2=" " tag="533"><subfield code="a">Electronic reproduction.</subfield><subfield code="b">New York, N.Y. :</subfield><subfield code="c">New York University,</subfield><subfield code="d">2015.</subfield><subfield code="5">NNU</subfield></datafield><datafield ind1="2" ind2=" " tag="710"><subfield code="a">New York University.</subfield><subfield code="b">Libraries.</subfield></datafield><datafield ind1="0" ind2=" " tag="730"><subfield code="a">Arabic Collections Online.</subfield></datafield><datafield ind1="0" ind2="8" tag="776"><subfield code="i">Print version:</subfield><subfield code="a">Ghaz&#363;l&#299;, &#699;Al&#299; ibn &#699;Abd All&#257;h, d. 1412 880-01</subfield><subfield code="t">Ma&#7789;&#257;li&#699; al-bud&#363;r f&#299; man&#257;zil al-sur&#363;r</subfield><subfield code="w">(NNU)001699454</subfield><subfield code="w">(DLC)ne 66001967</subfield></datafield><datafield ind1="4" ind2="0" tag="856"><subfield code="u">http://hdl.handle.net/2333.1/vmcvdq7s</subfield></datafield><datafield ind1="1" ind2=" " tag="880"><subfield code="6">100-01/</subfield><subfield code="a">&#1594;&#1586;&#1608;&#1604;&#1610;&#1548; &#1593;&#1604;&#1575;&#1569; &#1575;&#1604;&#1583;&#1610;&#1606; &#1593;&#1604;&#1610; &#1575;&#1576;&#1606; &#1593;&#1576;&#1583;&#1575;&#1604;&#1604;&#1607;.</subfield></datafield><datafield ind1="1" ind2="0" tag="880"><subfield code="6">245-02/</subfield><subfield code="a">&#1605;&#1591;&#1575;&#1604;&#1593; &#1575;&#1604;&#1576;&#1583;&#1608;&#1585; &#1601;&#1610; &#1605;&#1606;&#1575;&#1586;&#1604; &#1575;&#1604;&#1587;&#1585;&#1608;&#1585; /</subfield><subfield code="c">&#1578;&#1575;&#1604;&#1610;&#1601; &#1593;&#1604;&#1575;&#1569; &#1575;&#1604;&#1583;&#1610;&#1606; &#1593;&#1604;&#1609; &#1576;&#1606; &#1593;&#1576;&#1583;&#1575;&#1604;&#1604;&#1607; &#1575;&#1604;&#1576;&#1607;&#1575;&#1574;&#1610; &#1575;&#1604;&#1594;&#1586;&#1608;&#1604;&#1610;.</subfield></datafield><datafield ind1=" " ind2=" " tag="880"><subfield code="6">250-03/</subfield><subfield code="a">&#1575;&#1604;&#1591;&#1576;&#1593;&#1577; &#1633;.</subfield></datafield><datafield ind1=" " ind2=" " tag="880"><subfield code="6">260-04/</subfield><subfield code="a">[&#1605;&#1589;&#1585;] :</subfield><subfield code="b">&#1605;&#1591;&#1576;&#1593;&#1577; &#1575;&#1583;&#1575;&#1585;&#1577; &#1575;&#1604;&#1608;&#1591;&#1606;&#1548;</subfield><subfield code="c">&#1633;&#1634;&#1641;&#1641;-&#1633;&#1635;&#1632;&#1632; [&#1633;&#1640;&#1640;&#1633; or &#1633;&#1640;&#1640;&#1634;--&#1633;&#1640;&#1640;&#1635;]</subfield></datafield><datafield ind1=" " ind2=" " tag="959"><subfield code="a">NNU</subfield><subfield code="b">WEB</subfield><subfield code="c">GENI</subfield><subfield code="t">0</subfield><subfield code="m">Electronic access</subfield><subfield code="s">01</subfield></datafield><datafield ind1=" " ind2=" " tag="999"><subfield code="i">NNU_001699454</subfield><subfield code="o" /></datafield></record>